@incollection{ZKPToYourChildren,
  doi = {10.1007/0-387-34805-0\_60},
  url = {https://doi.org/10.1007/0-387-34805-0_60},
  publisher = {Springer New York},
  pages = {628--631},
  author = {Jean-Jacques Quisquater and Myriam Quisquater and Muriel Quisquater and Michaël Quisquater and Louis Guillou and Marie Annick Guillou and Gaïd Guillou and Anna Guillou and Gwenol{\'{e}} Guillou and Soazig Guillou},
  title = {How to Explain Zero-Knowledge Protocols to Your Children},
  booktitle = {Advances in Cryptology {\textemdash} {CRYPTO}' 89 Proceedings},
  year = {1989}
}

@Book{schneier2015applied,
  author = {Schneier, Bruce},
  title = {Applied cryptography : protocols, algorithms, and source code in C},
  publisher = {John Wiley \& Sons},
  year = {2015},
  address = {Indianapolis, IN},
  isbn = {978-1-119-09672-6}
}

@Book{menezes1997handbook,
  author = {Menezes, A. J.},
  title = {Handbook of applied cryptography},
  publisher = {CRC Press},
  year = {1997},
  address = {Boca Raton},
  isbn = {978-0-84-938523-0}
}

@incollection{FiatShamir,
  doi = {10.1007/3-540-47721-7_12},
  url = {https://doi.org/10.1007/3-540-47721-7_12},
  publisher = {Springer Berlin Heidelberg},
  pages = {186--194},
  author = {Amos Fiat and Adi Shamir},
  title = {How To Prove Yourself: Practical Solutions to Identification and Signature Problems},
  booktitle = {Advances in Cryptology {\textemdash} {CRYPTO}' 86},
  year = {1987}
}

@article{FeigeFiatShamir,
  doi = {10.1007/bf02351717},
  url = {https://doi.org/10.1007/bf02351717},
  year = {1988},
  month = jun,
  publisher = {Springer Science and Business Media {LLC}},
  volume = {1},
  number = {2},
  pages = {77--94},
  author = {Uriel Feige and Amos Fiat and Adi Shamir},
  title = {Zero-knowledge proofs of identity},
  journal = {Journal of Cryptology}
}

@incollection{GuillouQuisquater,
  doi = {10.1007/0-387-34799-2_16},
  url = {https://doi.org/10.1007/0-387-34799-2_16},
  year = {1990},
  publisher = {Springer New York},
  pages = {216--231},
  author = {Louis Claude Guillou and Jean-Jacques Quisquater},
  title = {A {\textquotedblleft}Paradoxical{\textquotedblright} Indentity-Based Signature Scheme Resulting from Zero-Knowledge},
  booktitle = {Advances in Cryptology {\textemdash} {CRYPTO}' 88}
}

@incollection{Schnorr,
  doi = {10.1007/0-387-34805-0_22},
  url = {https://doi.org/10.1007/0-387-34805-0_22},
  publisher = {Springer New York},
  pages = {239--252},
  author = {C. P. Schnorr},
  title = {Efficient Identification and Signatures for Smart Cards},
  booktitle = {Advances in Cryptology {\textemdash} {CRYPTO}' 89 Proceedings},
  year = {1990}
}

@Book{BerczesPetho,
  author = {Attila Bérczes and Attila Pethő},
  title = {Kriptográfia},
  publisher = {Nemzeti Közszolgálati Egyetem},
  year = {2014},
  address = {Budapest, Hungary},
  url = {http://ludita.uni-nke.hu/repozitorium/bitstream/handle/11410/10445/Teljes%20sz%C3%B6veg%21}
}

@inproceedings{MPin,
  title = {M-Pin : A Multi-Factor Zero Knowledge Authentication Protocol},
  author = {Michael Scott},
  year = {2015},
  url = {https://miracl.com/assets/pdf-downloads/mpin4.pdf}
}

@Book{ECCHandbook,
  author = {Cohen, Henri},
  title = {Handbook of elliptic and hyperelliptic curve cryptography},
  publisher = {Chapman \& Hall/CRC},
  year = {2006},
  address = {Boca Raton},
  isbn = {1584885181}
}

@Book{ECCGuide,
  author = {Hankerson, Darrel},
  title = {Guide to elliptic curve cryptography},
  publisher = {Springer},
  year = {2003},
  address = {New York},
  isbn = {0-387-95273-X}
}

@Book{PBCGuide,
  author = {Mrabet, Nadia},
  title = {Guide to pairing-based cryptography},
  publisher = {CRC Press},
  year = {2017},
  address = {Boca Raton},
  isbn = {9781498729505}
}

@inproceedings{NIZK,
  doi = {10.1145/62212.62222},
  url = {https://doi.org/10.1145/62212.62222},
  year = {1988},
  publisher = {{ACM} Press},
  author = {Manuel Blum and Paul Feldman and Silvio Micali},
  title = {Non-interactive zero-knowledge and its applications},
  booktitle = {Proceedings of the twentieth annual {ACM} symposium on Theory of computing  - {STOC} {\textquotesingle}88}
}

@incollection{SNARK,
  doi = {10.1007/978-3-662-49896-5_11},
  url = {https://doi.org/10.1007/978-3-662-49896-5_11},
  year = {2016},
  publisher = {Springer Berlin Heidelberg},
  pages = {305--326},
  author = {Jens Groth},
  title = {On the Size of Pairing-Based Non-interactive Arguments},
  booktitle = {Advances in Cryptology {\textendash} {EUROCRYPT} 2016}
}

@article{STARK,
  title={Scalable, transparent, and post-quantum secure computational integrity},
  author={Eli Ben-Sasson and Iddo Bentov and Yinon Horesh and Michael Riabzev},
  journal={IACR Cryptol. ePrint Arch.},
  year={2018},
  volume={2018},
  pages={46}
}

@inproceedings{BULLETPROOF,
  doi = {10.1109/sp.2018.00020},
  url = {https://doi.org/10.1109/sp.2018.00020},
  year = {2018},
  month = may,
  publisher = {{IEEE}},
  author = {Benedikt Bunz and Jonathan Bootle and Dan Boneh and Andrew Poelstra and Pieter Wuille and Greg Maxwell},
  title = {Bulletproofs: Short Proofs for Confidential Transactions and More},
  booktitle = {2018 {IEEE} Symposium on Security and Privacy ({SP})}
}